%% uctest.bib 11/3/94
%% Copyright (C) 1988-2004 Daniel Gildea, BBF, Ethan Munson.
%
% This work may be distributed and/or modified under the
% conditions of the LaTeX Project Public License, either version 1.3
% of this license or (at your option) any later version.
% The latest version of this license is in
%   http://www.latex-project.org/lppl.txt
% and version 1.3 or later is part of all distributions of LaTeX
% version 2003/12/01 or later.
%
% This work has the LPPL maintenance status "maintained".
% 
% The Current Maintainer of this work is Daniel Gildea.


@article{bhosalemathematical,
  title={Mathematical Modeling and Simulation of Quadcopter-UAV Using PID Controller},
  author={Bhosale, Mr Rahul Abasaheb and Padmanabhan, Divya and Kadam, Shishirkumar}
}
@article{renfrew2004introduction,
  title={Introduction to Robotics: Mechanics and Control},
  author={Renfrew, Alasdair},
  journal={International Journal of Electrical Engineering Education},
  volume={41},
  number={4},
  pages={388},
  year={2004},
  publisher={Sage Publications Ltd.}
}
@book{aastrom2006advanced,
  title={Advanced PID control},
  author={{\AA}str{\"o}m, Karl Johan and H{\"a}gglund, Tore and Astrom, Karl J},
  volume={461},
  year={2006},
  publisher={ISA-The Instrumentation, Systems, and Automation Society Research Triangle~…}
}
@article{luukkonen2011modelling,
  title={Modelling and control of quadcopter},
  author={Luukkonen, Teppo},
  journal={Independent research project in applied mathematics, Espoo},
  volume={22},
  year={2011}
}
@book{garcia2006modelling,
  title={Modelling and control of mini-flying machines},
  author={Garcia, Pedro Castillo and Lozano, Rogelio and Dzul, Alejandro Enrique},
  year={2006},
  publisher={Springer Science \& Business Media}
}
@phdthesis{olfati2001nonlinear,
  title={Nonlinear control of underactuated mechanical systems with application to robotics and aerospace vehicles},
  author={Olfati-Saber, Reza},
  year={2001},
  school={Massachusetts Institute of Technology}
}
@article{luis2016design,
  title={Design of a trajectory tracking controller for a nanoquadcopter},
  author={Luis, Carlos and Ny, J{\'e}r{\^o}me Le},
  journal={arXiv preprint arXiv:1608.05786},
  year={2016}
}
@article{hdgglund1995pid,
  title={PID Controllers},
  author={Hdgglund, Tore},
  year={1995}
}
@book{wang2020pid,
  title={PID Control System Design and Automatic Tuning using MATLAB/Simulink},
  author={Wang, Liuping},
  year={2020},
  publisher={John Wiley \& Sons}
}
@book{visioli2006practical,
  title={Practical PID control},
  author={Visioli, Antonio},
  year={2006},
  publisher={Springer Science \& Business Media}
}
@article{raffo2010integral,
  title={An integral predictive/nonlinear H∞ control structure for a quadrotor helicopter},
  author={Raffo, Guilherme V and Ortega, Manuel G and Rubio, Francisco R},
  journal={Automatica},
  volume={46},
  number={1},
  pages={29--39},
  year={2010},
  publisher={Elsevier}
}
@book{fantoni2002non,
  title={Non-linear control for underactuated mechanical systems},
  author={Fantoni, Isabelle and Lozano, Rogelio},
  year={2002},
  publisher={Springer Science \& Business Media}
}
@misc{reizenstein2017position,
  title={Position and Trajectory Control of a Quadcopter Using PID and LQ Controllers},
  author={Reizenstein, Axel},
  year={2017}
}
@misc{kugelberg2016black,
  title={Black-box modeling and attitude control of a quadcopter},
  author={Kugelberg, Ingrid},
  year={2016}
}
@book{parker2013building,
  title={Building victory: aircraft manufacturing in the Los Angeles area in World War II},
  author={Parker, Dana T},
  year={2013},
  publisher={DT Parker}
}
@article{hundley1994future,
  title={Future technology-driven revolutions in military operations},
  author={Hundley, Richard O and Gritton, Eugene C},
  journal={RAND Corporation, Document No. DB-110-ARPA},
  year={1994}
}
@article{ghazbi2016quadrotors,
  title={Quadrotors unmanned aerial vehicles: A review},
  author={Ghazbi, S Norouzi and Aghli, Yasaman and Alimohammadi, M and Akbari, Ali Akbar},
  journal={International Journal on Smart Sensing \& Intelligent Systems},
  volume={9},
  number={1},
  pages={309--333},
  year={2016}
}
@article{mueller2009birth,
  title={On the birth of micro air vehicles},
  author={Mueller, Thomas J},
  journal={International Journal of Micro Air Vehicles},
  volume={1},
  number={1},
  pages={1--12},
  year={2009},
  publisher={SAGE Publications Sage UK: London, England}
}
@inproceedings{tournier2006estimation,
  title={Estimation and control of a quadrotor vehicle using monocular vision and moire patterns},
  author={Tournier, Glenn and Valenti, Mario and How, Jonathan and Feron, Eric},
  booktitle={AIAA Guidance, Navigation, and Control Conference and Exhibit},
  pages={6711},
  year={2006}
}
@article{wierema2008design,
  title={Design, implementation and flight test of indoor navigation and control system for a quadrotor UAV},
  author={Wierema, Menno},
  journal={Master of Science in Aerospace Engineering at Delft University of Technology},
  year={2008},
  publisher={Citeseer}
}
@inproceedings{bouabdallah2004design,
  title={Design and control of an indoor micro quadrotor},
  author={Bouabdallah, Samir and Murrieri, Pierpaolo and Siegwart, Roland},
  booktitle={IEEE International Conference on Robotics and Automation, 2004. Proceedings. ICRA'04. 2004},
  volume={5},
  pages={4393--4398},
  year={2004},
  organization={IEEE}
}
@manual{foster2019,
 title={Global Market for Counter Unmanned Aircraft Systems to Exceed 2 billion by 2024},
 author={Frost \&  Sullivan},
 year={2019},
}
@misc{opencoursewarekinematics,
  title={Kinematics of moving frames},
  author={OpenCourseWare, MIT},
  howpublished = {\url{shorturl.at/qRSVW}}
}
@article{castillo2005experimental,
  title={Experimental implementation of linear and nolinear control laws},
  author={Castillo, Pedro and Lozano, Rogelio and Dzul, Alejandro},
  journal={IEEE Control System Magazine},
  pages={45--55},
  year={2005}
}
@book{aastrom2010feedback,
  title={Feedback systems: an introduction for scientists and engineers},
  author={{\AA}str{\"o}m, Karl Johan and Murray, Richard M},
  year={2010},
  publisher={Princeton university press}
}
@book{patrick2009industrial,
  title={Industrial process control systems},
  author={Patrick, Dale R and Fardo, Stephen W},
  year={2009},
  publisher={The Fairmont Press, Inc.}
}
@misc{Betaflight,
	title={Betaflight 3.4},
	howpublished = {\url{https://github.com/betaflight/betaflight}}
}
@misc{documentationsimulation,
	title={Simulation and Model-Based Design},
	author={Documentation, Simulink},
	publisher={MathWorks},
	year={2020},
	howpublished={\url{https://www.mathworks.com/products/simulink.html}}
}
@misc{flightcontroller,
	title={Seriously Pro Racing F3 Flight Controller Manual (Revision 4)},
	author={Clifton, Dominic},
	year={2015}
}
@misc{transmitter,
	title={FS-i6 Digital Proportional Radio Control System Instruction Manual},
	author={Flysky RC model technology co.},
	year={2015-2016}
}
@article{ziegler1942optimum,
	title={Optimum settings for automatic controllers},
	author={Ziegler, John G and Nichols, Nathaniel B and others},
	journal={trans. ASME},
	volume={64},
	number={11},
	year={1942}
}
@misc{plasmatree,
	title={Plasmatree PID-Analyzer},
	howpublished={\url{https://github.com/Plasmatree/PID-Analyzer}}
}